@manual{abbreviation
AUTHOR = "Author"
TITLE = "Actual Title of the Reference"
PUBLISHER = {Whoever Published This}
ADDRESS = {Wherever it was published}
YEAR = 1111}
